<?xml version="1.0" encoding="UTF-8"?>
<record>
  <leader>00825nrm#a2200277#c#4500</leader>
  <controlfield tag="005">20210409081053.0</controlfield>
  <controlfield tag="007">zu</controlfield>
  <controlfield tag="008">130227|1999####gw#|||############g|ger#c</controlfield>
  <controlfield tag="003">DE-605</controlfield>
  <controlfield tag="001">990194744870206441</controlfield>
  <datafield tag="016" ind1="7" ind2=" ">
    <subfield code="a">1074882645</subfield>
    <subfield code="2">OCoLC</subfield>
  </datafield>
  <datafield tag="035" ind1=" " ind2=" ">
    <subfield code="a">(DE-605)HT017559543</subfield>
  </datafield>
  <datafield tag="040" ind1=" " ind2=" ">
    <subfield code="a">Kob 7</subfield>
    <subfield code="b">ger</subfield>
    <subfield code="e">rakwb</subfield>
  </datafield>
  <datafield tag="041" ind1=" " ind2=" ">
    <subfield code="a">ger</subfield>
  </datafield>
  <datafield tag="044" ind1=" " ind2=" ">
    <subfield code="c">XA-DE</subfield>
  </datafield>
  <datafield tag="245" ind1="0" ind2="0">
    <subfield code="a">Tierfamilien-Quartett</subfield>
    <subfield code="h">Spiel</subfield>
    <subfield code="c">Marion Bergk</subfield>
  </datafield>
  <datafield tag="264" ind1=" " ind2="1">
    <subfield code="a">[Seelze]</subfield>
    <subfield code="b">Friedrich</subfield>
    <subfield code="c">1999</subfield>
  </datafield>
  <datafield tag="300" ind1=" " ind2=" ">
    <subfield code="a">1 Spiel (32 Karten, 1 Karte Spielanleitung) ; in Behältnis 10 x 7 x 1,5 cm</subfield>
  </datafield>
  <datafield tag="490" ind1="0" ind2=" ">
    <subfield code="a">&lt;&lt;Die&gt;&gt; Grundschulzeitschrift</subfield>
  </datafield>
  <datafield tag="700" ind1="1" ind2=" ">
    <subfield code="a">Bergk, Marion</subfield>
    <subfield code="d">1938-</subfield>
    <subfield code="0">(DE-588)120830108</subfield>
    <subfield code="4">oth</subfield>
    <subfield code="0">https://portal.dnb.de/opac.htm?method=simpleSearch&amp;cqlMode=true&amp;query=idn=120830108</subfield>
    <subfield code="0">http://viaf.org/viaf/sourceID/DNB|120830108</subfield>
    <subfield code="B">GND-120830108</subfield>
  </datafield>
  <datafield tag="964" ind1="0" ind2="s">
    <subfield code="F">030</subfield>
    <subfield code="A">a|1uc||||||37</subfield>
  </datafield>
  <datafield tag="964" ind1="0" ind2="s">
    <subfield code="F">050</subfield>
    <subfield code="A">|||||||||a||||</subfield>
  </datafield>
  <datafield tag="964" ind1="0" ind2="s">
    <subfield code="F">051</subfield>
    <subfield code="A">m|||||||</subfield>
  </datafield>
  <datafield tag="035" ind1=" " ind2=" ">
    <subfield code="a">(OCoLC)1074882645</subfield>
  </datafield>
  <datafield tag="035" ind1=" " ind2=" ">
    <subfield code="a">(DE-599)GBV363800409</subfield>
  </datafield>
  <datafield tag="035" ind1=" " ind2=" ">
    <subfield code="a">(DE-601)363800409</subfield>
  </datafield>
  <datafield tag="MBD" ind1=" " ind2=" ">
    <subfield code="M">49HBZ_NETWORK</subfield>
    <subfield code="i">990194744870206441</subfield>
    <subfield code="n">HBZ Network</subfield>
  </datafield>
  <datafield tag="MBD" ind1=" " ind2=" ">
    <subfield code="M">49HBZ_RTU</subfield>
    <subfield code="i">990007583780107476</subfield>
    <subfield code="n">RPTU Kaiserslautern-Landau</subfield>
  </datafield>
  <datafield tag="MBD" ind1=" " ind2=" ">
    <subfield code="M">49HBZ_UKO</subfield>
    <subfield code="i">990007583780108057</subfield>
    <subfield code="n">Universität Koblenz</subfield>
  </datafield>
  <datafield tag="MNG" ind1=" " ind2=" ">
    <subfield code="c">System</subfield>
    <subfield code="f">ILS</subfield>
    <subfield code="i">marc21</subfield>
    <subfield code="k">01</subfield>
    <subfield code="e">false</subfield>
    <subfield code="d">2021-04-09 08:10:53 Europe/Berlin</subfield>
    <subfield code="g">019474487-HBZ01</subfield>
    <subfield code="j">60</subfield>
    <subfield code="a">import</subfield>
    <subfield code="b">2021-04-05 16:59:00 Europe/Berlin</subfield>
  </datafield>
  <datafield tag="H52" ind1="8" ind2=" ">
    <subfield code="b">RL002</subfield>
    <subfield code="c">MNBLD</subfield>
    <subfield code="h">SP0001</subfield>
    <subfield code="8">2263975890007476</subfield>
  </datafield>
  <datafield tag="HOL" ind1=" " ind2=" ">
    <subfield code="b">2022-07-12 09:29:11</subfield>
    <subfield code="8">2263975890007476</subfield>
    <subfield code="M">49HBZ_RTU</subfield>
    <subfield code="g">false</subfield>
    <subfield code="a">import</subfield>
  </datafield>
  <datafield tag="ITM" ind1=" " ind2=" ">
    <subfield code="H">2263975890007476</subfield>
    <subfield code="x">MNBLD</subfield>
    <subfield code="f">GAME</subfield>
    <subfield code="v">MNBLD</subfield>
    <subfield code="p">12</subfield>
    <subfield code="X">System</subfield>
    <subfield code="U">2001-08-01 12:59:00 Europe/Berlin</subfield>
    <subfield code="Y">2022-07-12 11:30:31 Europe/Berlin</subfield>
    <subfield code="h">false</subfield>
    <subfield code="n">SP0001</subfield>
    <subfield code="P">  / / /001</subfield>
    <subfield code="M">49HBZ_RTU</subfield>
    <subfield code="s">1</subfield>
    <subfield code="d">8</subfield>
    <subfield code="V">import</subfield>
    <subfield code="b">C004216</subfield>
    <subfield code="a">2363975880007476</subfield>
    <subfield code="t">8</subfield>
    <subfield code="c">SP0001</subfield>
    <subfield code="B">99g0192</subfield>
    <subfield code="D">20010801</subfield>
    <subfield code="W">2001-08-01 02:00:00 Europe/Berlin</subfield>
    <subfield code="u">RL002</subfield>
    <subfield code="w">RL002</subfield>
  </datafield>
  <datafield tag="H52" ind1="8" ind2="1">
    <subfield code="b">RL001</subfield>
    <subfield code="z">entknuepfter_ls_ko</subfield>
    <subfield code="c">UNASSIGNED</subfield>
    <subfield code="8">2233571440008057</subfield>
  </datafield>
  <datafield tag="HOL" ind1=" " ind2=" ">
    <subfield code="b">2023-08-14 07:12:28</subfield>
    <subfield code="8">2233571440008057</subfield>
    <subfield code="M">49HBZ_UKO</subfield>
    <subfield code="g">false</subfield>
    <subfield code="a">import</subfield>
  </datafield>
  <datafield tag="H52" ind1="8" ind2=" ">
    <subfield code="b">RL001</subfield>
    <subfield code="c">MAGMK</subfield>
    <subfield code="h">MK 99/2988</subfield>
    <subfield code="8">2233571460008057</subfield>
  </datafield>
  <datafield tag="HOL" ind1=" " ind2=" ">
    <subfield code="b">2023-08-14 07:12:28</subfield>
    <subfield code="8">2233571460008057</subfield>
    <subfield code="M">49HBZ_UKO</subfield>
    <subfield code="g">false</subfield>
    <subfield code="a">import</subfield>
  </datafield>
  <datafield tag="ITM" ind1=" " ind2=" ">
    <subfield code="H">2233571460008057</subfield>
    <subfield code="x">MAGMK</subfield>
    <subfield code="f">GAME</subfield>
    <subfield code="v">MAGMK</subfield>
    <subfield code="p">12</subfield>
    <subfield code="X">System</subfield>
    <subfield code="U">2003-01-10 11:59:00 Europe/Berlin</subfield>
    <subfield code="Y">2023-08-14 09:14:56 Europe/Berlin</subfield>
    <subfield code="h">false</subfield>
    <subfield code="n">MK 99/2988</subfield>
    <subfield code="P">35</subfield>
    <subfield code="M">49HBZ_UKO</subfield>
    <subfield code="s">1</subfield>
    <subfield code="d">8</subfield>
    <subfield code="V">import</subfield>
    <subfield code="b">M23 9940</subfield>
    <subfield code="a">2333571450008057</subfield>
    <subfield code="t">8</subfield>
    <subfield code="R">Maintenance count: 001</subfield>
    <subfield code="c">MK 99/2988</subfield>
    <subfield code="B">2988/99</subfield>
    <subfield code="K">33 Spielkarten</subfield>
    <subfield code="D">20021231</subfield>
    <subfield code="W">2003-01-10 01:00:00 Europe/Berlin</subfield>
    <subfield code="u">RL001</subfield>
    <subfield code="w">RL001</subfield>
  </datafield>
  <datafield tag="GPN" ind1="1" ind2=" ">
    <subfield code="a">Bergk-Mitterlehner, Marion</subfield>
    <subfield code="d">1938-</subfield>
    <subfield code="A">GND</subfield>
    <subfield code="B">GND-120830108</subfield>
    <subfield code="C">400</subfield>
  </datafield>
  <datafield tag="GSI" ind1="7" ind2=" ">
    <subfield code="a">http://d-nb.info/gnd/120830108</subfield>
    <subfield code="2">uri</subfield>
    <subfield code="A">GND</subfield>
    <subfield code="B">GND-120830108</subfield>
    <subfield code="C">024</subfield>
  </datafield>
</record>
